<?xml version="1.0" encoding="UTF-8" ?>
<collection xmlns:xsi="http://www.w3.org/2001/XMLSchema-instance"
    xsi:schemaLocation="http://www.loc.gov/MARC21/slim
        http://www.loc.gov/standards/marcxml/schema/MARC21slim.xsd"
    xmlns="http://www.loc.gov/MARC21/slim">
<record>
  <leader>00292cam a2200577 i 4500</leader>
  <controlfield tag="001">b12372377</controlfield>
  <controlfield tag="003">LeBAU</controlfield>
  <controlfield tag="005">20180316</controlfield>
  <controlfield tag="008">970302s1954    ua       b    ||1 0 ara d</controlfield>
  <datafield tag="035" ind1=" " ind2=" ">
    <subfield code="a">ocn784285083</subfield>
  </datafield>
  <datafield tag="040" ind1=" " ind2=" ">
    <subfield code="a">LEAUB</subfield>
    <subfield code="b">ara</subfield>
    <subfield code="e">rda</subfield>
    <subfield code="c">LEAUB</subfield>
    <subfield code="d">LEAUB</subfield>
  </datafield>
  <datafield tag="041" ind1="0" ind2=" ">
    <subfield code="a">ara</subfield>
    <subfield code="b">eng</subfield>
  </datafield>
  <datafield tag="082" ind1="0" ind2="4">
    <subfield code="a">297.207</subfield>
    <subfield code="2">20</subfield>
  </datafield>
  <datafield tag="100" ind1="1" ind2=" ">
    <subfield code="6">880-01</subfield>
    <subfield code="a">Ibn ʻAṭīyah, ʻAbd al-Ḥaqq ibn Ghālib,</subfield>
    <subfield code="d">-approximately 1147,</subfield>
    <subfield code="e">author.</subfield>
  </datafield>
  <datafield tag="245" ind1="1" ind2="0">
    <subfield code="6">880-02</subfield>
    <subfield code="a">Muqaddimatān fī ʻulūm al-Qurʼān :</subfield>
    <subfield code="b">wa-humā Muqaddimat Kitāb al-Mabānī, wa-Muqaddimat Ibn ʻAṭīyah /</subfield>
    <subfield code="c">nasharahumā min al-makhṭūṭāt al-maḥfūẓah fī Dār al-Kutub bi-Barlīn, wa-Dār al-Kutub al-Miṣrīyah wa-waqafa ʻalá taṣḥīḥihimā wa-ṭabʻihimā al-ustādh al-mustashriq Jifrī Arthur.</subfield>
  </datafield>
  <datafield tag="246" ind1="1" ind2="5">
    <subfield code="a">Muqaddimat Kitāb al-Mabānī</subfield>
    <subfield code="b">The Muqaddima to the Kitab al-Mabani and the Muqaddima of Ibn ʻAtiyya to his Tafsir</subfield>
  </datafield>
  <datafield tag="246" ind1="3" ind2="0">
    <subfield code="a">Muqaddimat Ibn ʻAṭīyah</subfield>
  </datafield>
  <datafield tag="246" ind1="3" ind2="0">
    <subfield code="a">Muqaddima of Ibn ʻAtiyya</subfield>
  </datafield>
  <datafield tag="246" ind1="3" ind2=" ">
    <subfield code="6">880-03</subfield>
    <subfield code="a">مقدمة كتاب المباني</subfield>
  </datafield>
  <datafield tag="246" ind1="3" ind2=" ">
    <subfield code="6">880-04</subfield>
    <subfield code="a">مقدمة إبن عطية</subfield>
  </datafield>
  <datafield tag="264" ind1=" " ind2="1">
    <subfield code="6">880-05</subfield>
    <subfield code="a">Miṣr :</subfield>
    <subfield code="b">Maktabat al-Khānjī,</subfield>
    <subfield code="c">1954.</subfield>
  </datafield>
  <datafield tag="300" ind1=" " ind2=" ">
    <subfield code="6">880-06</subfield>
    <subfield code="a">323 pages ;</subfield>
    <subfield code="c">25 cm</subfield>
  </datafield>
  <datafield tag="336" ind1=" " ind2=" ">
    <subfield code="a">text</subfield>
    <subfield code="b">txt</subfield>
    <subfield code="2">rdacontent</subfield>
  </datafield>
  <datafield tag="337" ind1=" " ind2=" ">
    <subfield code="a">unmediated</subfield>
    <subfield code="b">n</subfield>
    <subfield code="2">rdamedia</subfield>
  </datafield>
  <datafield tag="338" ind1=" " ind2=" ">
    <subfield code="a">volume</subfield>
    <subfield code="b">nc</subfield>
    <subfield code="2">rdacarrier</subfield>
  </datafield>
  <datafield tag="500" ind1=" " ind2=" ">
    <subfield code="a">"...أما مؤلف كتاب المباني فهو غير معروف، لأن الصحيفة الأولى من النسخة الوحيدة التي بين أيدينا قد فقدت، ويذكر المؤلف في الصحيفة الثانية من المخطوطة أنه بدأفي تأليف كتابه في سنة أربعمائة وخمس وعشرين من الهجرة، وسماه كتاب المباني في نظم المعاني وهو تفسير القرآن الكريم الذي صدره بمقدمة في عشرة أبواب...أما مصنف الرسالة الثانية فهو من أهل المغرب ايضا، وهو عبد الحق بن أبي بكر بن عبد الملك الغرناطي بن عطية... وقد صنف تفسيره المسمى الجامع المحرر الصحيح الوجيز في تفسير القرآن العزيز في الأندلس، وصدره بمقدمة في علوم القرآن..."--التصدير.</subfield>
  </datafield>
  <datafield tag="504" ind1=" " ind2=" ">
    <subfield code="a">يتضمن مراجع ببليوغرافية وكشاف.</subfield>
  </datafield>
  <datafield tag="546" ind1=" " ind2=" ">
    <subfield code="a">النص بالعربية؛ مع مقدمة بالإنجليزية.</subfield>
  </datafield>
  <datafield tag="630" ind1="0" ind2="4">
    <subfield code="a">قرآن</subfield>
    <subfield code="v">أعمال قديمة حتى 1800.</subfield>
  </datafield>
  <datafield tag="630" ind1="0" ind2="4">
    <subfield code="a">قرآن</subfield>
    <subfield code="x">تفسير وتأويل</subfield>
    <subfield code="v">اعمال قديمة حتى 1800.</subfield>
  </datafield>
  <datafield tag="630" ind1="0" ind2="0">
    <subfield code="a">Qur'an.</subfield>
    <subfield code="v">Early works to 1800.</subfield>
  </datafield>
  <datafield tag="630" ind1="0" ind2="0">
    <subfield code="a">Qur'an</subfield>
    <subfield code="x">Hermeneutics</subfield>
    <subfield code="v">Early works to 1800.</subfield>
  </datafield>
  <datafield tag="700" ind1="1" ind2=" ">
    <subfield code="6">880-07</subfield>
    <subfield code="a">Jeffery, Arthur,</subfield>
    <subfield code="e">compiler.</subfield>
  </datafield>
  <datafield tag="700" ind1="1" ind2="2">
    <subfield code="6">880-08</subfield>
    <subfield code="a">Ibn ʻAṭīyah, ʻAbd al-Ḥaqq ibn Ghālib,</subfield>
    <subfield code="d">-approximately 1147.</subfield>
    <subfield code="t">Jāmiʻ al-muḥarrir al-ṣaḥīḥ al-wajīz fī tafsīr al-Qurʼān al-ʻazīz.</subfield>
    <subfield code="p">Muqaddimah.</subfield>
  </datafield>
  <datafield tag="740" ind1="0" ind2=" ">
    <subfield code="6">880-09</subfield>
    <subfield code="a">Kitāb al-mabānī fī naẓm al-maʻānī.</subfield>
    <subfield code="p">Muqaddimah.</subfield>
  </datafield>
  <datafield tag="740" ind1="0" ind2=" ">
    <subfield code="6">880-10</subfield>
    <subfield code="a">Mabānī fī naẓm al-maʻānī.</subfield>
    <subfield code="p">Muqaddimah.</subfield>
  </datafield>
  <datafield tag="852" ind1=" " ind2=" ">
    <subfield code="a">Jafet Library</subfield>
    <subfield code="e">American University of Beirut, Bliss Street , Beirut, Lebanon.</subfield>
  </datafield>
  <datafield tag="880" ind1="1" ind2=" ">
    <subfield code="6">100-01/(3/r</subfield>
    <subfield code="a">إبن عطية، عبد الحق بن غالب،</subfield>
    <subfield code="d">-حوالي 1147،</subfield>
    <subfield code="e">مؤلف. </subfield>
    <subfield code="4">aut.</subfield>
  </datafield>
  <datafield tag="880" ind1="1" ind2="0">
    <subfield code="6">245-02/(3/r</subfield>
    <subfield code="a">مقدمتان في علوم القرآن :</subfield>
    <subfield code="b">وهما مقدمة كتاب المباني، ومقدمة إبن عطية /</subfield>
    <subfield code="c">نشرهما من المخطوطات المحفوظة في دار الكتب ببرلين، ودار الكتب المصرية ووقف على تصحيحهما وطبعهما الأستاذ المستشرق الدكتور أرثر چفري.</subfield>
  </datafield>
  <datafield tag="880" ind1="3" ind2=" ">
    <subfield code="6">246-03/(3/r</subfield>
    <subfield code="a">Two muqaddimas to the Qurʼanic sciences :</subfield>
  </datafield>
  <datafield tag="880" ind1="3" ind2=" ">
    <subfield code="6">246-04/(3/r</subfield>
    <subfield code="a">Muqaddima to the Kitab al-Mabani</subfield>
  </datafield>
  <datafield tag="880" ind1=" " ind2="1">
    <subfield code="6">264-05/(3/r</subfield>
    <subfield code="a">مصر :</subfield>
    <subfield code="b">مكتبة الخانجي،</subfield>
    <subfield code="c">1954.</subfield>
  </datafield>
  <datafield tag="880" ind1=" " ind2=" ">
    <subfield code="6">300-06/(3/r</subfield>
    <subfield code="a">323 صفحة ؛</subfield>
    <subfield code="c">25 سم</subfield>
  </datafield>
  <datafield tag="880" ind1="1" ind2=" ">
    <subfield code="6">700-07/(3/r</subfield>
    <subfield code="a">جفري، آرثر،</subfield>
    <subfield code="e">معد. </subfield>
    <subfield code="4">com.</subfield>
  </datafield>
  <datafield tag="880" ind1="1" ind2="2">
    <subfield code="6">700-08/(3/r</subfield>
    <subfield code="a">إبن عطية، عبد الحق بن غالب،</subfield>
    <subfield code="d">-حوالي 1147.</subfield>
    <subfield code="t">الجامع المحرر الصحيح الوجيز في تفسير القرآن العزيز.</subfield>
    <subfield code="p">المقدمة.</subfield>
  </datafield>
  <datafield tag="880" ind1="0" ind2=" ">
    <subfield code="6">740-09/(3/r</subfield>
    <subfield code="a">كتاب المباني في نظم المعاني.</subfield>
    <subfield code="p">المقدمة.</subfield>
  </datafield>
  <datafield tag="880" ind1="0" ind2=" ">
    <subfield code="6">740-10/(3/r</subfield>
    <subfield code="a">المباني في نظم المعاني.</subfield>
    <subfield code="p">المقدمة.</subfield>
  </datafield>
  <datafield tag="907" ind1=" " ind2=" ">
    <subfield code="a">.b12372377</subfield>
    <subfield code="b">18-03-20</subfield>
    <subfield code="c">11-05-24</subfield>
  </datafield>
  <datafield tag="907" ind1=" " ind2=" ">
    <subfield code="a">.b12372377</subfield>
    <subfield code="b">15-10-15</subfield>
    <subfield code="c">11-05-24</subfield>
  </datafield>
  <datafield tag="945" ind1=" " ind2=" ">
    <subfield code="f">J</subfield>
    <subfield code="a">297.207:J46mA:c.1</subfield>
    <subfield code="g">1</subfield>
    <subfield code="i">01009415</subfield>
    <subfield code="j">.i12825141</subfield>
    <subfield code="l">u0503</subfield>
  </datafield>
  <datafield tag="998" ind1=" " ind2=" ">
    <subfield code="a">u05</subfield>
    <subfield code="b">97-03-02</subfield>
    <subfield code="c">m</subfield>
    <subfield code="d">a</subfield>
    <subfield code="e">-</subfield>
    <subfield code="f">ara</subfield>
    <subfield code="g">ua </subfield>
    <subfield code="h">0</subfield>
    <subfield code="i">1</subfield>
  </datafield>
</record>
</collection>
